@online{travel,
	url = {https://uk.wikipedia.org/wiki/Подорож}
}

@online{oop,
	url = {https://uk.wikipedia.org/wiki/Об'єктно-орієнтоване_програмування}
}

@online{gps,
	url = {https://uk.wikipedia.org/wiki/GPS}
}

@online{open_systems,
	url = {https://www.osp.ru/os/2011/07/13010422}
}

@online{adapter,
	title = {Adapter},
	url = {https://developer.android.com/reference/android/widget/Adapter.html}
}

@online{firebase,
	title = {Firebase},
	url = {https://firebase.google.com}
}

@online{firebase_secure,
	title = {Firebase secures its real-time back-end service},
	author = {Darrow, Barb},
	url = {https://gigaom.com/2012/12/18/firebase-secures-its-real-time-back-end-service}
}

@online{android_studio,
	title = {Android Studio. The Official IDE for Android},
	url = {https://developer.android.com/studio/index.html}
}

@online{google_maps,
	title = {Google Maps APIs. Android},
	url = {https://developers.google.com/maps/android}
}

@book{diploma_guidelines,
	author = {В.С. Авраменко, С.В. Голуб, В.І. Салапатов},
	title = {Методичні рекомендації щодо виконання дипломних робіт для студентів денної та заочної форм навчання напряму підготовки 6.050103 «Програмна інженерія»},
	publisher = {ЧНУ ім. Богдана Хмельницького},
	address = {Черкаси},
	year = {2015},
	pages = {100}
}

@book{testing,
	author = {Лайза Криспин, Джанет Грегори},
	title = {Гибкое тестирование: практическое руководство для тестировщиков ПО},
	publisher = {Вильямс},
	address = {М.},
	year = {2010},
	pages = {464}
}

@book{diploma_guidelines2,
	author = {В.С. Авраменко, С.В. Голуб, В.І. Салапатов},
	title = {Проектування інформаційних систем},
	publisher = {ЧНУ ім. Богдана Хмельницького},
	edition = {Електронне видання},
	address = {Черкаси},
	year = {2015},
	pages = {496}
}

@book{pro_android,
	author = {Б. Харди, Б. Филлипс, К. Стюарт},
	title = {Android. Программирование для профессионалов},
	publisher = {Питер},
	address = {СПб.},
	year = {2016},
	pages = {640}
}

@book{android_4,
	author = {Рето Майер},
	title = {Android 4. Программирование приложений для планшетных компьютеров и смартфонов},
	publisher = {Эксмо},
	address = {М.},
	year = {2013},
	pages = {816}
}

@book{android_for_devs,
	author = {Пол Дейтел, Харви Дейтел, Александер Уолд},
	title = {Android для разработчиков},
	publisher = {Питер},
	address = {СПб.},
	year = {2016},
	pages = {512}
}

@book{thinking_java,
	author = {Брюс Эккель},
	title = {Философия Java},
	publisher = {Питер},
	address = {СПб.},
	year = {2016},
	pages = {1168}
}

@book{learn_java,
	author = {Кэти Сиерра, Берт Бейтс},
	title = {Изучаем Java},
	publisher = {Эксмо},
	address = {М.},
	year = {2016},
	pages = {720}
}

@book{scala,
	author = {Кей Хостманн},
	title = {Scala для нетерпеливых},
	publisher = {ДМК Пресс},
	address = {М.},
	year = {2015},
	pages = {408}
}

@book{groovy,
	author = {Башар Абдул-Джавад},
	title = {Groovy и Grails. Практические советы},
	publisher = {ДМК Пресс},
	address = {М.},
	year = {2010},
	pages = {392}
}

@book{nosql,
	author = {Мартин Фаулер, Прамодкумар Дж. Садаладж},
	title = {NoSQL: новая методология разработки нереляционных баз данных},
	publisher = {Вильямс},
	address = {М.},
	year = {2013},
	pages = {192}
}

@online{materail_design,
	title = {Material Design. Introduction},
	url = {https://material.io/guidelines}
}
